@techreport{APS:CDR,
      author="APS",
      title="{7-Gev Synchrotron Radiation Source Conceptual Design Report}",
      institution="{APS}",
      year="1987",
    number="87-15",
      type="{ANL}" }
@techreport{APS:CDR-annex,
      author="APS",
      title="{Annex to the 7-Gev Synchrotron Radiation Source Conceptual Design Report}",
      institution="{APS}",
      year="1987",
    number="87-15 Annex",
      type="{ANL}" }
@techreport{BBI,
    author="{B. Zotter}",
    title="{BBI - A Program to Compute Bunch Beam Instabilities in High Energy Particle Accelerators and Storage Rings}",
    institution="CERN",
    type="CERN LEP/TH",
    number="89-74",
    year=1989
        }
@techreport{Chao,
      author="A.W. Chao",
      title="{Coherent Instabilities of A Relativistic Bunched Beam}",
      institution="{SLAC}",
      year="1982",
        month="June",
    number="2946",
      type="{SLAC-PUB}" }
@misc{Chae,
        author="Y.C. Chae",
        note="private communication"
        }
@inproceedings{Chou,
      author="{W.Chou and H. Bizek}",
      title="{Impedance and Bunch Lengthening in the APS}",
    booktitle="{Proceedings of the Impedance and Bunch Instability Workshop}",
    notes="{Held at Argonne National Laboratory October 31st -- November 1sr, 1989}",
    year="1990"}
@techreport{clinchor,
    author="L. Emery",
    title="{User's Guide to Program {\tt clinchor}}",
    institution="ANL",
    note="To be published as an LS-note."
    }
@inproceedings{Cook:PAC91,
      author="{J. Cook, J. Bridges, and R.L. Kustom}",
      title="{Measurement on Prototype Cavities (352 MHz) for the Advanced Photon Source (APS)}",
    booktitle="{Proceedings of the 1991 IEEE Particle Accelerator Conference}",
    notes="(these proceedings)",
    year="1991"}
@techreport{Emery:cb-users-guide,
    author="L. Emery",
    title="{User's Guide to Program {\tt cb}}",
    institution="ANL",
    note="To be published. The program may change name by the time of publication."
    }
@techreport{Emery:RF/92-2,
    author="L. Emery",
    title="{Effect of Staggering the HOM Frequencies on The Probability of Longitudinal Coupled-bunch Instability in Storage Rings}",
    institution="ANL",
    type="APS/IN/RF",
    number="92-2",
    month="April",
    notes="Revised",
    year="1992"
    }
@techreport{Emery:RF/92-3,
    author="L.Emery",
    title="{Required Individual HOM DeQing Factors Calculated from Probability Estimates of Longitudinal Coupled Bunch Instabilities}",
    institution="ANL",
    type="APS/IN/RF",
    number="92-3",
    month="May",
    year="1992"
    }
@techreport{Emery:RF/93-4,
    author="L.Emery",
    title="{Required Individual Dipole HOM deQing Factors Calculated from Probability Estimates of Transverse Coupled Bunch Instabilities}",
    institution="ANL",
    type="APS/IN/RF",
    number="93-4",
    month="October",
    year="1993"
    }
@techreport{Emery:RF/92-7,
    author="L.Emery",
    title="{Investigation of Robinson-type Instabilities in the PAR}",
    institution="ANL",
    type="APS/IN/RF",
    number="92-7",
    month="August",
    year="1992"
    }
@inproceedings{Emery:PAC91,
      author="{L. Emery}",
      title="{Coupled Bunch Instabilities in the APS Ring}",
      booktitle="{Proceedings of the 1991 IEEE Particle Accelerator Conference}",
      year="1991"
        }
@techreport{PC-BBI,
    author="{J. Hagel and B. Zotter}",
    title="{PC-BBI, a Program to Compute Bunch Beam Instabilities on a PC}",
    institution="CERN",
    type="CERN SL-AP",
    number="90-62",
    year=1990
        }
@misc{EISPACK,
    note="Eigenvalue and eigenvector solver package developped at ANL. Written in {\tt FORTRAN}"
    }
@misc{GHOST, 
    author="A. Cox",
    title="GHOST subroutine package",
    note="Undocumented graphics subroutine package used at Stanford Synchrotron Radiation Laboratory."}
@misc{YKang:elongation-step,
    author="Y.W. Kang",
    note="Private communication"}
@techreport{LS-YWKang,
    author="Y. W. Kang",
    title="{Reduced length Design of the 9.8 MHz APS/PAR Accelerator Cavity 
        and the 12th Harmonic 117 MHz APS/PAR Accelerator Cavity}",
    year=1992,
    institution="Argonne National Laboratory",
    note="In preparation"
    }

@misc{kustom, author="R.L. Kustom",    note="Private communication"}
@misc{JBridges:private, author="J. Bridges",    note="Private communication"}

@inproceedings{Laclare,
      author="J.L. Laclare",
      title="{Bunch Beam Instabilities}",
    booktitle="{Proceedings of the XIth International Conference of High-Energy Accelerators}",
    pages="526--539 ",
    year="1980"}
@article{LeDuff,
      author="J. LeDuff",
      title="{Current and Current Density Limitations in Existing Electron Storage Rings}",
      journal="Nuclear Instruments and Methods in Physics Research",
      volume="A",
      number="239",
      page="83--101",
      year="1985"}
@article{Robinson:58,
    author="K. Robinson",
    journal="Phys. Rev.",
    volume="111",
    year="1958"}
@techreport{Robinson:69,
      author="K. Robinson",
      institution="{CEAL}",
      year="1969",
      number="183",
      type="{TM}" }
@inproceedings{Sacherer:1973,
      author="F. Sacherer",
      title="{A Longitudinal Stability Criterion for Bunched Beams}",
    journal="{IEEE Trans. Nucl. Sci.}",
    volume="{NS-20}", number="3",
    pages="825 ",
      year="1973"}
@inproceedings{Sacherer:1974,
      author="F. Sacherer",
      title="{Transverse Bunched Beam Instabilities -- Theory}",
    booktitle="{Proceedings of the IXth International Conference of High-Energy Accelerators}",
    organization="{SLAC}",
    pages="347 ",
      year="1974"}
@techreport{Sands:121,
      author="Matthew Sands",
      title="{The physics of Electron Storage Rings, An Introduction}",
      institution="{SLAC}",
      year="1970",
      month="November",
      number="121",
      type="{SLAC}" }
@techreport{Sands:Head-Tail,
      author="Matthew Sands",
      title="{The Head-Tail Effect: An Instability Mechanism in Storage Rings}",
      institution="{SLAC}",
      year="1969",
      month="March",
      number="69-8",
      type="{SLAC-TN}" }
@inproceedings{Thompson:PAC89,
      author="{K. Thompson and R. Ruth}",
      title="{Transverse and Longitudinal Coupled Bunch Instabilities in Trains of Closely Spaced Bunches}",
    booktitle="{Proceedings of the 1989 IEEE Particle Accelerator Conference}",
      year="1989",
      pages="792"      }
@article{URMEL,
    author="T. Weiland",
    title="{On the Computation of Resonant Modes in Cylindrically Symmetric Cavities}",
    journal="NIM",
    volume="216",
    pages="329-348",
    year="1983"    }
@article{URMELT,
    author="T. Weiland",
    title="{On the Computation of Resonant Modes in Cylindrically Symmetric Cavities}",
    journal="NIM",
    volume="216",
    pages="329-348",
    year="1983"    }
@techreport{Wang,
    author="{J.M. Wang}",
    title="{Longitudinal Symmetric Coupled Bunch Modes}",
    institution="BNL",
    type="BNL",
    number="51302",
    year="1980",
    month="December"}
@techreport{Wilson:SLAC-2884,
    author="{Perry B. Wilson}",
    title="{High Energy Electron Linacs: Applications to Storage Ring RF systems and Linear Colliders}",
    institution="SLAC",
    type="SLAC-PUB",
    number="2884",
    year="1982",
    month="February"}
@techreport{ZAP,
    author="{M.S. Zisman, S. Chattopadhyay, and J.J. Bisognano}",
    title="{ZAP User's Guide}",
    institution="Lawrence Berkeley Laboratory",
    type="LBL",
    number="21270",
    year="1986",
    month="December"}
@techreport{Zotter,
    author="{B. Zotter}",
    title="{BBI - A Program to Compute Bunch Beam Instabilities in High Energy Particle Accelerators and Storage Rings}",
    institution="CERN",
    type="CERN-LEP/TH",
    number="89-74",
    year="1989"}
